@Book{davis06:csparse_book,
  author = 	 {Tim Davis},
  title = 	 {Direct Methods for Sparse Linear Systems},
  publisher = 	 {SIAM},
  address =	 {Philadelphia, PA},
  year = 	 2006}

@Article{laird_ware_1982,
  author = 	 {Nan M. Laird and James H. Ware},
  title = 	 {Random-Effects Models for Longitudinal Data},
  journal = 	 {Biometrics},
  year = 	 1982,
  volume = 	 38,
  pages = 	 {963--974}}

