@Book{box73:_bayes_infer_statis_analy,
  author =	 {Box, G.E.P. and Tiao, G.C.},
  title = 	 {Bayesian Inference in Statistical Analysis},
  publisher = 	 {Addison-Wesley},
  year = 	 1973,
  address =	 {Reading, MA}
}

