@Book{box73:_bayes_infer_statis_analy,
  author =	 {Box, G.E.P. and Tiao, G.C.},
  title = 	 {Bayesian Inference in Statistical Analysis},
  publisher = 	 {Addison-Wesley},
  year = 	 1973,
  address =	 {Reading, MA}
}

@Book{milliken09:_analy_messy_data,
  author = 	 {George A. Milliken and Dallas E. Johnson},
  title = 	 {Analysis of Messy Data: Volume 1, Designed Experiments},
  publisher = 	 {CRC Press},
  year = 	 2009,
  edition = 	 {2nd}}

@Book{cleveland93:_visual_data,
  author = 	 {Bill Cleveland},
  title = 	 {Visualizing Data},
  publisher = 	 {Hobart Press},
  year = 	 1993,
  address = 	 {Summit, NJ}}

@Article{Burchinal:1997,
  author = 	 {Burchinal, M.R. and Campbell, F.A and Bryant,
                  D.M. and Wasik, B.H. and Ramey, C.T.}, 
  title = 	 {Early intervention and mediating processes in
                  cognitive performance of children of low income
                  {A}frican {A}merican families },
  journal = 	 {Child Development},
  year = 	 1997,
  volume =	 68,
  pages =	 {935--954}
}

@Article{Burchinal:2000,
  author = 	 {Burchinal, M.R. and Roberts, J.E and Riggins, R. and
                  Zeisel, S.A. and Neebe, E. and Bryant, D.}, 
  title = 	 {Relating quality of center child care to early
                  cognitive and language development longitudinally}, 
  journal = 	 {Child Development},
  year = 	 2000,
  volume =	 71,
  pages =	 {339--357}
}

@Book{MLwiNUser:2000,
  author =	 {J. Rasbash and W. Browne and H. Goldstein and M. Yang and I. Plewis},
  title = 	 {A User's Guide to {MLwiN}},
  publisher = 	 {Multilevel Models Project, Institute of Education, University of London},
  year = 	 2000,
  address =	 {London}
}


@Book{davies72:_statis_method_in_resear_and_produc,
  editor = 	 {Owen L. Davies and Peter L. Goldsmith},
  title = 	 {Statistical Methods in Research and Production},
  publisher = 	 {Hafner},

  year = 	 1972,
  edition = 	 {4th}}

@Book{Sing:Will:2003,
  author =	 {Judith D. Singer and John B. Willett},
  title = 	 {Applied Longitudinal Data Analysis},
  publisher = 	 {Oxford University Press},
  year = 	 2003,
  ISBN = 	 {0-19-515296-4}
}

@Book{Rauden:Bryk:2002,
  author =	 {Stephen W. Raudenbush and Anthony S. Bryk},
  title = 	 {Hierarchical Linear Models:  Applications and Data
                  Analysis Methods},
  publisher = 	 {Sage},
  year = 	 2002,
  edition =	 {2nd},
  ISBN = 	 {0-7619-1904-X}
}


@Article{belenky03:_patter,
  author = 	 {Gregory Belenky and Nancy J. Wesensten and David
                  R. Thorne and Maria L. Thomas and Helen C. Sing and
                  Daniel P. Redmond and  Michael B. Russo and Thomas
                  J. Balkin},
  title = 	 {Patterns of performance degradation and restoration
                  during sleep restriction and subsequent recovery: a
                  sleep dose-response study},
  journal = 	 {Journal of Sleep Research},
  year = 	 2003,
  volume =	 12,
  pages =	 {1--12}
}

@Article{henderson50:_estim,
  author = 	 {C.R. Henderson},
  title = 	 {Estimation of genetic parameters},
  journal = 	 {Annals of Mathematical Statistics},
  year = 	 1950,
  volume =	 21,
  pages =	 309
}

@Article{Rnews:Bates:2005,
  author       = {Douglas Bates},
  title	       = {Fitting Linear Mixed Models in {R}},
  journal      = {R News},
  year	       = 2005,
  volume       = 5,
  number       = 1,
  pages	       = {27--30},
  month	       = {May},
  url	       = {http://CRAN.R-project.org/doc/Rnews/},
}

@Article{bates04:_linear,
  author = 	 {Douglas M. Bates and Saikat DebRoy},
  title = 	 {Linear mixed models and penalized least squares},
  journal = 	 {Journal of Multivariate Analysis},
  year = 	 2004,
  volume =	 91,
  number =	 1,
  pages =	 {1--17}
}

@Book{henderson84:_applic_model_animal_breed,
  author =	 {C. Henderson},
  title = 	 {Applications of Linear Models in Animal Breeding},
  publisher = 	 {University of Guelph},
  year = 	 1984,
  address =	 {Ontario, Canada}
}
                  
@Book{davis06:csparse_book,
  author = 	 {Tim Davis},
  title = 	 {Direct Methods for Sparse Linear Systems},
  publisher = 	 {SIAM},
  address =	 {Philadelphia, PA},
  year = 	 2006}

@TechReport{huq:cleland:1990,
  author = 	 {N. M. Huq and J. Cleland},
  title = 	 {Bangladesh Fertility Survey 1989 (Main Report)},
  institution =  {National Institute of Population Research and Training},
  year = 	 1990,
  address = 	 {Dhaka, Bangladesh}}

@Book{pinheiro00:_mixed_effec_model_in_s,
  author = 	 {Jos\'{e} C. Pinheiro and Douglas M. Bates},
  title = 	 {Mixed-effects Models in {S} and {S-PLUS}},
  publisher = 	 {Springer},
  year = 	 2000}


@Article{spiegelhalter02:_bayes_measur_of_model_compl,
  author = 	 {David J. Spiegelhalter and Nicola G. Best and
                  Bradley P. Carlin and Angelika van der Linde},
  title = 	 {Bayesian measures of model complexity and fit (with
                  discussion)},
  journal = 	 {Journal of the Royal Statistical Society, Series B},
  year = 	 2002,
  volume = 	 64,
  number = 	 4,
  pages = 	 {583--639}}

@Book{sarkar08:_lattic,
  author = 	 {Deepayan Sarkar},
  title = 	 {Lattice: Multivariate Data Visualization with R},
  publisher = 	 {Springer},
  year = 	 2008}

@inproceedings{lmucs-papers:Leisch:2002,
  author = {Friedrich Leisch},
  title = {Sweave: Dynamic Generation of Statistical Reports Using
		  Literate Data Analysis},
  booktitle = {Compstat 2002 --- Proceedings in Computational
		  Statistics},
  pages = {575--580},
  year = 2002,
  editor = {Wolfgang H{\"a}rdle and Bernd R{\"o}nz},
  publisher = {Physica Verlag, Heidelberg},
  note = {ISBN 3-7908-1517-9},
  url = {http://www.stat.uni-muenchen.de/~leisch/Sweave}
}


@Book{saka:ishi:kita:1986,
  publisher =    "Reidel",
  address =      "Dordrecht, Holland",
  pages =        "290",
  keywords =     "information criterion statistics",
  author =       "Y. Sakamoto and M. Ishiguro and G. Kitagawa",
  title =        "Akaike Information Criterion Statistics",
  year =         "1986",
}

		  
@Article{schw:1978,
  author = 	 {Schwarz, G.},
  title = 	 {Estimating the Dimension of a Model},
  journal = 	 {Annals of Statistics},
  year = 	 {1978},
  volume = 	 {6},
  pages = 	 {461--464},
}

@Article{Davis:1996,
  author = 	 {Tim Davis},
  title = 	 {An approximate minimal degree ordering algorithm},
  journal = 	 {SIAM J. Matrix Analysis and Applications},
  year = 	 1996,
  volume =	 17,
  number =	 4,
  pages =	 {886-905}
}

@Book{west07:_linear_mixed_model,
 author =        {Brady T. West and Kathleen B. Welch and Andrzej
                  T. Ga\l{}ecki},
 title =         {Linear Mixed Models: A Practical Guide Using
                Statistical Software},
 publisher =     {Chapman and Hall/CRC},
 ISBN =          {1-58488-480-0},
 year =          2007,
 address =       {Boca Raton, FL}
}

@Book{bateswatts88:_nonlin,
  author = 	 {Douglas M. Bates and Donald G. Watts},
  title = 	 {Nonlinear Regression Analysis and Its Applications},
  publisher = 	 {Wiley},
  year = 	 1988,
  ISBN = 	 {0-471-81643-4},
  address = 	 {Hoboken, NJ}}

@misc{Cholmod,
  author =	 {Tim Davis},
  title =	 {{CHOLMOD}: sparse supernodal {Cholesky} factorization
                   and update/downdate},
  url = {http://www.cise.ufl.edu/research/sparse/cholmod},
  year =	 2005
}

@book{R:Chambers:2008,
  author = {John M. Chambers},
  title = {Software for Data Analysis: Programming with {R}},
  publisher = {Springer},
  year = 2008,
  address = {New York},
  note = {ISBN 978-0-387-75935-7},
  url = {http://stat.stanford.edu/~jmc4/Rbook/},
  publisherurl = {http://www.springer.com/statistics/computational/book/978-0-387-75935-7},
  abstract = {The R version of S4 and other R techniques.  This book
                  guides the reader in programming with R, from
                  interactive use and writing simple functions to the
                  design of R packages and intersystem interfaces.},
  orderinfo = {springer.txt}
}

@Book{Rcpp,
  title = {Seamless {R} and {C++} Integration with {Rcpp}},
  author = {Dirk Eddelbuettel},
  publisher = {Springer},
  address = {New York},
  year = {2013},
  note = {ISBN 978-1-4614-6867-7},
  doi = {10.1007/978-1-4614-6868-4},
}

